@phdthesis{Hoffmann11,
	  author = {Jan Hoffmann},
		  title = {{Types with Potential: Polynomial Resource Bounds via Automatic Amortized Analysis}},
			  school = {Ludwig-Maximilians-Universi{\"a}t M{\"u}nchen},
				  year =  2011
}

@inproceedings{Hoffmann:2017:TAR:3009837.3009842,
 author = {Hoffmann, Jan and Das, Ankush and Weng, Shu-Chun},
 title = {Towards Automatic Resource Bound Analysis for OCaml},
 booktitle = {Proceedings of the 44th ACM SIGPLAN Symposium on Principles of Programming Languages},
 series = {POPL 2017},
 year = {2017},
 isbn = {978-1-4503-4660-3},
 location = {Paris, France},
 pages = {359--373},
 numpages = {15},
 url = {http://doi.acm.org/10.1145/3009837.3009842},
 doi = {10.1145/3009837.3009842},
 acmid = {3009842},
 publisher = {ACM},
 address = {New York, NY, USA},
 keywords = {Amortized Analysis, LP Solving, Resource Bound Analysis, Static Analysis, Type Inference, Type Systems},
} 

@inproceedings{Hofmann:2003:SPH:604131.604148,
 author = {Hofmann, Martin and Jost, Steffen},
 title = {Static Prediction of Heap Space Usage for First-order Functional Programs},
 booktitle = {Proceedings of the 30th ACM SIGPLAN-SIGACT Symposium on Principles of Programming Languages},
 series = {POPL '03},
 year = {2003},
 isbn = {1-58113-628-5},
 location = {New Orleans, Louisiana, USA},
 pages = {185--197},
 numpages = {13},
 url = {http://doi.acm.org/10.1145/604131.604148},
 doi = {10.1145/604131.604148},
 acmid = {604148},
 publisher = {ACM},
 address = {New York, NY, USA},
 keywords = {functional programming, garbage collection, heap, program analysis, resources},
} 

@inproceedings{Spoonhower:2008:SPP:1411204.1411240,
 author = {Spoonhower, Daniel and Blelloch, Guy E. and Harper, Robert and Gibbons, Phillip B.},
 title = {Space Profiling for Parallel Functional Programs},
 booktitle = {Proceedings of the 13th ACM SIGPLAN International Conference on Functional Programming},
 series = {ICFP '08},
 year = {2008},
 isbn = {978-1-59593-919-7},
 location = {Victoria, BC, Canada},
 pages = {253--264},
 numpages = {12},
 url = {http://doi.acm.org/10.1145/1411204.1411240},
 doi = {10.1145/1411204.1411240},
 acmid = {1411240},
 publisher = {ACM},
 address = {New York, NY, USA},
 keywords = {cost semantics, parallelism, profiling, scheduling, standard ml},
} 

@article{DBLP:journals/entcs/Minamide99,
  author    = {Yasuhiko Minamide},
  title     = {Space-Profiling Semantics of the Call-by-Value Lambda Calculus and
               the {CPS} Transformation},
  journal   = {Electr. Notes Theor. Comput. Sci.},
  volume    = {26},
  pages     = {105--120},
  year      = {1999},
  url       = {https://doi.org/10.1016/S1571-0661(05)80286-5},
  doi       = {10.1016/S1571-0661(05)80286-5},
  timestamp = {Sun, 28 May 2017 13:22:57 +0200},
  biburl    = {https://dblp.org/rec/bib/journals/entcs/Minamide99},
  bibsource = {dblp computer science bibliography, https://dblp.org}
}

@inproceedings{Hoffmann:2015:ASC:2769448.2769449,
	 author = {Hoffmann, Jan and Shao, Zhong},
	  title = {Automatic Static Cost Analysis for Parallel Programs},
		 booktitle = {Proceedings of the 24th European Symposium on Programming on Programming Languages and Systems - Volume 9032},
		  year = {2015},
			 isbn = {978-3-662-46668-1},
			  pages = {132--157},
				 numpages = {26},
				  url = {http://dx.doi.org/10.1007/978-3-662-46669-8_6},
					 doi = {10.1007/978-3-662-46669-8_6},
					  acmid = {2769449},
						 publisher = {Springer-Verlag New York, Inc.},
						  address = {New York, NY, USA},
							 keywords = {Amortized Analysis, Functional Programming, Resource Consumption, Static Analysis},
} 
