@book{PFPL16,
	Author = {Harper, Robert},
	Date-Added = {2018-07-05 23:48:11 +0000},
	Date-Modified = {2018-07-05 23:49:17 +0000},
	Publisher = {Cambridge University Press},
	Title = {{Practical Foundations for Programming Languages}},
	Year = {2016}}

@inproceedings{Morrisett95,
 author = {Morrisett, Greg and Felleisen, Matthias and Harper, Robert},
 title = {Abstract Models of Memory Management},
 booktitle = {Proceedings of the Seventh International Conference on Functional Programming Languages and Computer Architecture (FPCA'95)},
 year = {1995},
} 

@inproceedings{Barthe2016b,
 author = {Barthe, Gilles and Fong, No{\'e}mie and Gaboardi, Marco and Gr{\'e}goire, Benjamin and Hsu, Justin and Strub, Pierre-Yves},
 title = {Advanced Probabilistic Couplings for Differential Privacy},
 booktitle = {Conference on Computer and Communications Security (CCS '16)},
 year = {2016},
} 


@inproceedings{Barthe18,
author="Barthe, Gilles
and Espitau, Thomas
and Gaboardi, Marco
and Gr{\'e}goire, Benjamin
and Hsu, Justin
and Strub, Pierre-Yves",
title="An Assertion-Based Program Logic for Probabilistic Programs",
booktitle="Programming Languages and Systems (ESOP'18)",
year="2018",
}

@inproceedings{NgoLV16b,
  author = {Van Chan Ngo and Axel Legay and Vania Joloboff},
  title = {{PSCV: A Runtime Verification Tool for Probabilistic SystemC Models}},
  year = 2016,
  booktitle = {28th International Conference on Computer Aided Verification (CAV'16)}
}


@article{Radicek17,
 author = {Radi\v{c}ek, Ivan and Barthe, Gilles and Gaboardi, Marco and Garg, Deepak and Zuleger, Florian},
 title = {{Monadic Refinements for Relational Cost Analysis}},
 journal = {{Proc. ACM Program. Lang.}},
 issue_date = {January 2018},
 volume = 2,
 number = {POPL},
 year = {2017},
} 

@inproceedings{OOPSLA:WWC17,
	Author = {Wang, P. and Wang, D. and Chlipala, A.},
	Booktitle = {Object-Oriented Prog., Syst., Lang., and Applications (OOPSLA'17)},
	Date-Added = {2018-07-11 22:27:33 +0000},
	Date-Modified = {2018-07-11 22:30:48 +0000},
	Title = {{TiML: A Functional Language for Practical Complexity Analysis with Invariants}},
	Year = {2017}}


@misc{learn-ocaml,
  author = {Learn-OCaml Team},
  title = {{Learn-OCaml Platform}},
  year = {{2018}},
  howpublished = {\url{https://github.com/ocaml-sf/learn-ocaml/}},
}



@misc{bayseDB,
  author = {Marco Scutari},
  title = {{Bayesian Network Repository}},
  year = {{2018}},
  howpublished = {\url{http://www.bnlearn.com/bnrepository/}},
}


@article{Aguirre17,
 author = {Aguirre, Alejandro and Barthe, Gilles and Gaboardi, Marco and Garg, Deepak and Strub, Pierre-Yves},
 title = {{A Relational Logic for Higher-order Programs}},
 journal = {Proc. ACM Program. Lang.},
 issue_date = {September 2017},
 volume = {1},
 number = {ICFP},
 year = {2017},
} 


@inproceedings{ChenWSLG16,
  author    = {Hao Chen and
               Xiongnan (Newman) Wu and
               Zhong Shao and
               Joshua Lockerman and
               Ronghui Gu},
  title     = {Toward compositional verification of interruptible {OS} kernels and
               device drivers},
  booktitle = {37th Conference on Programming
               Language Design and Implementation (PLDI'16)},
  pages     = {431--447},
  year      = {2016}
}


@inproceedings{CostanzoSG16,
  author    = {David Costanzo and
               Zhong Shao and
               Ronghui Gu},
  title     = {End-to-end verification of information-flow security for {C} and assembly
               programs},
  booktitle = {37th Conference on Programming
               Language Design and Implementation (PLDI'16)},
  pages     = {648--664},
  year      = 2016
}


@inproceedings{BGV18,
	Author = {Bichsel, B. and Gehr, T. and Vechev, M.},
	Booktitle = {European Symp.\ on Programming (ESOP'18)},
	Date-Added = {2018-02-01 20:08:30 +0000},
	Date-Modified = {2018-04-04 20:05:48 +0000},
	Title = {{Fine-grained Semantics for Probabilistic Programs}},
	Year = {2018}}


@article{Kozen85,
	Author = {Kozen, D.},
	Date-Added = {2018-02-01 19:46:17 +0000},
	Date-Modified = {2018-04-04 20:00:32 +0000},
	Issue = {2},
	Journal = {J.\ Comput.\ Syst.\ Sci.},
	Month = {April},
	Title = {{A Probabilistic PDL}},
	Volume = {30},
	Year = {1985}}


@InProceedings{BLGS16,
  Author    = "Johannes Borgstr{\"o}m and Ugo Dal Lago and Andrew D. Gordon and Marcin Szymczak",
  Title     = "A Lambda-Calculus Foundation for Universal Probabilistic Programming",
  Booktitle = "International Conference on Functional Programming (ICFP'16)",
  Year      = 2016
}


@misc{first,
  author = {FIRST},
  title = {{Web Site of the FIRST Competition}},
  year = {{2018}},
  howpublished = {\url{https://www.firstinspires.org/about/contact-us}},
}

@misc{lmw18,
  author = {LMW Organizers},
  title = {{Web Site of the Logic Mentoring Workshop 2018}},
  year = {{2018}},
  howpublished = {\url{https://lics.siglog.org/lics18/lmw.php}},
}

@misc{compilers17,
  author = {Jan Hoffmann},
  title = {{Web Site: 15-411 Compiler Design}},
  year = {{2017}},
  howpublished = {\url{http://www.cs.cmu.edu/~janh/courses/411/17/staff.html}}
}

@misc{312_2018,
  author = {Jan Hoffmann},
  title = {{Web Site: 15-312 Foundations of Programming Languages}},
  year = {{2017}},
  howpublished = {\url{http://www.cs.cmu.edu/~janh/courses/411/17/staff.html}}
}

@inproceedings{Claret13,
 author = {Claret, Guillaume and Rajamani, Sriram K. and Nori, Aditya V. and Gordon, Andrew D. and Borgstr\"{o}m, Johannes},
 title = {{Bayesian Inference Using Data Flow Analysis}},
 booktitle = {9th Joint Meeting on Foundations of Software Engineering (ESEC/FSE '13)},
 year = {2013},
} 


@inproceedings{BatzKKM18,
  author    = {Kevin Batz and
               Benjamin Lucien Kaminski and
               Joost{-}Pieter Katoen and
               Christoph Matheja},
  title     = {{How long, {O} Bayesian network, will {I} sample thee? - {A} program
               analysis perspective on expected sampling times}},
  booktitle = {27th European Symposium on Programming ({ESOP}'18)},
  year      = {2018},
}

@article{Dubhashi09,
  author    = {D.~Dubhashi and A.~Panconesi},
  title     = {{Concentration of Measure for the Analysis of Randomized Algorithms}},
  journal = {Cambridge University Press},
  year      = {2009}
}


@inproceedings{Banakar02,
 author = {Banakar, Rajeshwari and Steinke, Stefan and Lee, Bo-Sik and Balakrishnan, M. and Marwedel, Peter},
 title = {{Scratchpad Memory: Design Alternative for Cache On-chip Memory in Embedded Systems}},
 booktitle = {Proceedings of the Tenth International Symposium on Hardware/Software Codesign (CODES'02)},
 year = {2002},
} 


@inproceedings{Cusumano18,
 author = {Cusumano-Towner, Marco and Bichsel, Benjamin and Gehr, Timon and Vechev, Martin and Mansinghka, Vikash K.},
 title = {{Incremental Inference for Probabilistic Programs}},
 booktitle = {39th Conference on Programming Language Design and Implementation (PLDI'18)},
 year = {2018},
 }


@inproceedings{Mansinghka18,
 author = {Mansinghka, Vikash K. and Schaechtle, Ulrich and Handa, Shivam and Radul, Alexey and Chen, Yutian and Rinard, Martin},
 title = {{Probabilistic Programming with Programmable Inference}},
 booktitle = {39th Conference on Programming Language Design and Implementation (PLDI'18)},
 year = {2018},
}

@inproceedings{Ishtiaq01,
 author = {Ishtiaq, Samin S. and O'Hearn, Peter W.},
 title = {{BI As an Assertion Language for Mutable Data Structures}},
 booktitle = {28th Symposium on Principles of Programming Languages (POPL'01)},
 year = {2001},
} 


@inproceedings{Reynolds02,
 author = {Reynolds, John C.},
 title = {{Separation Logic: A Logic for Shared Mutable Data Structures}},
 booktitle = {17th Annual IEEE Symposium on Logic in Computer Science (LICS'02)},
 year = {2002},
}


@article{Barthe17,
 author = {Barthe, Gilles and Espitau, Thomas and Gr{\'e}goire,
                  Benjamin and Hsu, Justin and Strub, Pierre-Yves},
 title = {{Proving Expected Sensitivity of Probabilistic Programs}},
 journal = {Proc. ACM Program. Lang.},
 volume = {2},
 number = {POPL},
 year = {2017},
} 

@misc{fstar18,
  author = {Guido Mart\'inez and
            Danel Ahman and
            Victor Dumitrescu and
            Nick Giannarakis and
            Chris Hawblitzel and
            Catalin Hritcu and
            Monal Narasimhamurthy and
            Zoe Paraskevopoulou and
            Cl\'ement Pit-Claudel and
            Jonathan Protzenko and
            Tahina Ramananandro and
            Aseem Rastogi and
            Nikhil Swamy},
  title = {{Meta-F*}: Metaprogramming and Tactics in an Effectful Program Verifier},
  howpublished = {arXiv:1803.06547},
  year = 2018,
}


@article{Iris18,
   title = {{Iris from the Ground Up: A Modular Foundation for Higher-Order Concurrent Separation Logic}},
   author = {Ralf Jung and Robbert Krebbers and Jacques-Henri Jourdan and Aleš Bizjak and Lars Birkedal and Derek Dreyer},
   journal = {Journal of Functional Programming},
   year = 2018,
}


@inproceedings{KopfD09,
  author={B. Köpf and M. Dürmuth},
  booktitle={22nd Annual IEEE Computer Security Foundations
  Symposium},
  title={{A Provably Secure and Efficient Countermeasure against Timing Attacks}},
  year={2009},
  month={July}
}


@article{CompcertCACM,
  author = {Xavier Leroy},
  title = {{Formal Verification of a Realistic Compiler}},
  journal = {Communications of the ACM},
  year = 2009,
  volume = 52,
  number = 7,
  pages = {107--115}
}



@article{Klein10,
  author    = {Gerwin Klein and
               June Andronick and
               Kevin Elphinstone and
               Gernot Heiser and
               David Cock and
               Philip Derrin and
               Dhammika Elkaduwe and
               Kai Engelhardt and
               Rafal Kolanski and
               Michael Norrish and
               Thomas Sewell and
               Harvey Tuch and
               Simon Winwood},
  title     = {{seL4: Formal Verification of an Operating-System Kernel}},
  journal   = {Commun. ACM},
  volume    = {53},
  number    = {6},
  year      = {2010},
  pages     = {107-115}
}


@inproceedings{everest,
  author = {Karthikeyan Bhargavan and
        Barry Bond and
        Antoine Delignat-Lavaud and
        C\'edric Fournet and
        Chris Hawblitzel and
        Catalin Hritcu and
        Samin Ishtiaq and
        Markulf Kohlweiss and
        Rustan Leino and
        Jay Lorch and
        Kenji Maillard and
        Jianyang Pang and
        Bryan Parno and
        Jonathan Protzenko and
        Tahina Ramananandro and
        Ashay Rane and
        Aseem Rastogi and
        Nikhil Swamy and
        Laure Thompson and
        Peng Wang and
        Santiago {Zanella-B\'eguelin} and
        Jean-Karim Zinzindohou\'e},
  title = {Everest: Towards a Verified, Drop-in Replacement of {HTTPS}},
  booktitle = {2nd Summit on Advances in Programming Languages},
  shortbooktitle = {SNAPL},
  year = 2017
}


@misc{EverestWeb,
  author    = {The Everest Team},
  title     = {{Project Everest}},
  year  = {{2018}},
  howpublished = {\url{https://project-everest.github.io/}},
}


@inproceedings{Infer15,
author="Calcagno, Cristiano
  and Distefano, Dino
  and Dubreil, Jeremy
  and Gabi, Dominik
  and Hooimeijer, Pieter
  and Luca, Martino
  and O'Hearn, Peter
  and Papakonstantinou, Irene
  and Purbrick, Jim
  and Rodriguez, Dulma",
title={"Moving Fast with Software Verification"},
booktitle="NASA Formal Methods",
year="2015",
}


@article{SadowskiAMJ18,
 author = {Sadowski, Caitlin and Aftandilian, Edward and Eagle, Alex and Miller-Cushon, Liam and Jaspan, Ciera},
 title = {{Lessons from Building Static Analysis Tools at Google}},
 journal = {Commun. ACM},
 volume = {61},
 number = {4},
 year = {2018},
 pages = {58--66},
} 

@article{spectre,
   author = {{Kocher}, P. and {Genkin}, D. and {Gruss}, D. and {Haas}, W. and 
	{Hamburg}, M. and {Lipp}, M. and {Mangard}, S. and {Prescher}, T. and 
	{Schwarz}, M. and {Yarom}, Y.},
    title = "{Spectre Attacks: Exploiting Speculative Execution}",
  journal = {ArXiv e-prints},
   eprint = {1801.01203},
     year = 2018,
}



@article{meltdown,
   author = {{Lipp}, M. and {Schwarz}, M. and {Gruss}, D. and {Prescher}, T. and 
	{Haas}, W. and {Mangard}, S. and {Kocher}, P. and {Genkin}, D. and 
	{Yarom}, Y. and {Hamburg}, M.},
    title = "{Meltdown}",
  journal = {ArXiv e-prints},
archivePrefix = "arXiv",
   eprint = {1801.01207},
     year = 2018,
}


@article{Ghahramani2015,
    author = {Ghahramani, Zoubin},
    title = {{Probabilistic machine learning and artificial intelligence}},
    journal = {Nature},
    pages = {452--459},
    volume = {521},
    year = {2015}
}


@inproceedings{GordonHNR14,
  author    = {Andrew D. Gordon and
               Thomas A. Henzinger and
               Aditya V. Nori and
               Sriram K. Rajamani},
  title     = {{Probabilistic Programming}},
  booktitle = {Proceedings of the on Future of Software Engineering (FOSE'14)},
  pages     = {167--181},
  year      = {2014},
}


@article{Hoare69,
 author = {Hoare, C. A. R.},
 title = {{An Axiomatic Basis for Computer Programming}},
 journal = {Commun. ACM},
 volume = {12},
 number = {10},
 year = {1969},
 pages = {576--580},
 numpages = {5},
} 


@inproceedings{Cousot77,
 author = {Cousot, Patrick and Cousot, Radhia},
 title = {{Abstract Interpretation: A Unified Lattice Model for Static Analysis of Programs by Construction or Approximation of Fixpoints}},
 booktitle = {4th Symposium on Principles of Programming Languages (POPL'77)},
 year = {1977},
} 


@article{Coquand88,
 author = {Coquand, Thierry and Huet, Gerard},
 title = {{The Calculus of Constructions}},
 journal = {Inf. Comput.},
 volume = {76},
 number = {2-3},
 year = {1988},
} 




@inproceedings{GehrMV16,
  author = {Timon Gehr and
               Sasa Misailovic and
               Martin T. Vechev},
  title = {{{PSI:} Exact Symbolic Inference for Probabilistic
                  Programs}},
  booktitle = {Computer Aided Verification - 28th International
                  Conference, {CAV}
               2016, Toronto, ON, Canada, July 17-23, 2016,
                  Proceedings, Part {I}},
  pages = {62--83},
  year = {2016}
}


@inproceedings{Katoen16,
  author = {Joost{-}Pieter Katoen},
  title = {The Probabilistic Model Checking Landscape},
  booktitle = {Proceedings of the 31st Annual {ACM/IEEE} Symposium on
                  Logic in Computer
               Science, {LICS} '16, New York, NY, USA, July 5-8,
                  2016},
  pages = {31--45},
  year = {2016}
}


@article{Barthe2016PLT,
 author = {Barthe, Gilles and Gaboardi, Marco and Hsu, Justin and
                  Pierce, Benjamin},
 title = {{Programming Language Techniques for Differential Privacy}},
 journal = {ACM SIGLOG News},
 issue_date = {January 2016},
 volume = {3},
 number = {1},
 month = feb,
 year = {2016},
 issn = {2372-3491},
 pages = {34--53},
 numpages = {20},
 publisher = {ACM},
 address = {New York, NY, USA},
}



@inproceedings{Barthe2009,
 author = {Barthe, Gilles and Gr{\'e}goire, Benjamin and Zanella
                  B{\'e}guelin, Santiago},
 title = {{Formal Certification of Code-based Cryptographic Proofs}},
 booktitle = {36th Annual Symposium on Principles
                  of Programming Languages (POPL'09)},
 year = {2009},
}


@techreport{Barthe2016,
  author = {Gilles Barthe and Thomas Espitau and Marco Gaboardi and
                  Benjamin Grégoire and Justin Hsu and Pierre-Yves
                  Strub},
  title = {{Formal Certification of Randomized Algorithms}},
  number = {},
  institution = {},
  note = {http://justinh.su/files/papers/ellora.pdf},
  year = 2016
}



@book{Pfeffer16,
  title={Practical Probabilistic Programming},
  author={Pfeffer, Avi},
  isbn={9781617292330},
  lccn={2016301895},
  url={https://books.google.com/books?id=qyfksgEACAAJ},
  year={2016},
  publisher={Manning}
}

@inproceedings{KatoenMMM10,
  author = {Joost{-}Pieter Katoen and
               Annabelle McIver and
               Larissa Meinicke and
               Carroll C. Morgan},
  title = {{Linear-Invariant Generation for Probabilistic Programs: -
                  Automated
               Support for Proof-Based Methods}},
  booktitle = {Static Analysis - 17th International Symposium
                  (SAS'10)},
  pages = {390--406},
  year = {2010}
}

@inproceedings{EsparzaGK12,
  author = {Javier Esparza and
               Andreas Gaiser and
               Stefan Kiefer},
  title = {Proving Termination of Probabilistic Programs Using
                  Patterns},
  booktitle = {Computer Aided Verification - 24th International
                  Conference (CAV'12)},
  pages = {123--138},
  year = {2012},
}


@inproceedings{ChatterjeeFG16,
  author = {Krishnendu Chatterjee and
               Hongfei Fu and
               Amir Kafshdar Goharshady},
  title = {{Termination Analysis of Probabilistic Programs Through
                  Positivstellensatz's}},
  booktitle = {Computer Aided Verification - 28th International
                  Conference (CAV'16)},
  pages = {3--22},
  year = {2016}
}


@article{Monniaux05,
  author = {David Monniaux},
  title = {Abstract interpretation of programs as Markov decision
                  processes},
  journal = {Sci. Comput. Program.},
  volume = {58},
  number = {1-2},
  pages = {179--205},
  year = {2005}
}



@inproceedings{Monniaux01,
  author = {David Monniaux},
  title = {Backwards Abstract Interpretation of Probabilistic
                  Programs},
  booktitle = {Programming Languages and Systems, 10th European
                  Symposium on Programming (ESOP'01)},
  pages = {367--382},
  year = {2001},
}


@inproceedings{CousotM12,
  author = {Patrick Cousot and
               Michael Monerau},
  title = {Probabilistic Abstract Interpretation},
  booktitle = {Programming Languages and Systems - 21st European
                  Symposium on Programming
               (ESOP'12)},
  pages = {169--193},
  year = {2012},
}


@inproceedings{ChistikovDM15,
  author = {Dmitry Chistikov and
               Rayna Dimitrova and
               Rupak Majumdar},
  title = {{Approximate Counting in {SMT} and Value Estimation for
                  Probabilistic
               Programs}},
  booktitle = {Tools and Algorithms for the Construction and Analysis
                  of Systems
               - 21st International Conference (TACAS'15)},
  pages = {320--334},
  year = {2015},
}


@inproceedings{GeldenhuysDV12,
  author = {Jaco Geldenhuys and
               Matthew B. Dwyer and
               Willem Visser},
  title = {Probabilistic symbolic execution},
  booktitle = {International Symposium on Software Testing and
                  Analysis (ISSTA'12)},
  pages = {166--176},
  year = {2012},
}


@inproceedings{BorgesFdPV14,
  author = {Mateus Borges and
               Antonio Filieri and
               Marcelo d'Amorim and
               Corina S. Pasareanu and
               Willem Visser},
  title = {Compositional solution space quantification for
                  probabilistic software
               analysis},
  booktitle = {Conference on Programming Language Design and
                  Implementation (PLDI'14)},
  pages = {123--132},
  year = {2014},
}

@InProceedings{Chakarov13,
author = {Aleksandar Chakarov and Sriram Sankaranarayanan},
title = {Probabilistic Program Analysis using Martingales},
year = {2013},
pages = {511-526},
publisher = {Springer-Verlag},
booktitle = {Computer-Aided Verification (CAV'13)},
series = {Lecture Notes in Computer Science},
volume = {8044},
}

@inproceedings{Chakarov16,
author = { Aleksandar Chakarov and Yuen-Lam (Vris) Voronin and Sriram
                  Sankaranarayanan },
title = { Deductive Proofs of Almost Sure Persistence and Recurrence
                  Properties },
booktitle = { Tools and Algorithms for Construction and Analysis of
                  Systems (TACAS'16) },
year = { 2016 },
pages = { 260-279 },
publisher = { Springer-Verlag },
series = { Lecture Notes in Computer Science },
volume = { 9636 }}


@InProceedings{Sankaranarayanan13,
author = {Sriram Sankaranarayanan and Aleksandar Chakarov and Sumit
                  Gulwani},
title = {Static Analysis for Probabilistic Programs: Inferring Whole
                  Program Properties from Finitely Many Paths},
year = {2013},
pages = {447-458},
publisher = {ACM Press},
booktitle = {ACM conference on Programming Languages Design and
                  Implementation (PLDI'13)},
}


@inproceedings{Chakarov14,
author = { Aleksandar Chakarov and Sriram Sankaranarayanan },
title = { Expectation Invariants as Fixed Points of Probabilistic
                  Programs },
booktitle = { Static Analysis Symposium (SAS'14) },
year = { 2014 },
pages = { 85-100 },
publisher = { Springer-Verlag },
series = { Lecture Notes in Computer Science },
volume = { 8723 }}


@inproceedings{EsparzaKM05,
  author = {Javier Esparza and
               Anton{\'{\i}}n Kucera and
               Richard Mayr},
  title = {Quantitative Analysis of Probabilistic Pushdown Automata:
                  Expectations
               and Variances},
  booktitle = {20th {IEEE} Symposium on Logic in Computer Science
                  {(LICS}'05)},
  pages = {117--126},
  year = {2005},
}

@inproceedings{CelikuM05,
  author = {Orieta Celiku and
               Annabelle McIver},
  title = {{Compositional Specification and Analysis of Cost-Based
                  Properties
               in Probabilistic Programs}},
  booktitle = {Formal Methods, International Symposium of Formal
                  Methods
               Europe (FM'05)},
  pages = {107--122},
  year = {2005},
}


@book{McIver04,
 author = {McIver, Annabelle and Morgan, Carroll},
 title = {{Abstraction, Refinement and Proof For Probabilistic Systems
                  (Monographs in Computer Science)}},
 year = {2004},
 isbn = {0387401156},
 publisher = {Springer Verlag},
}


@article{BrazdilKKV15,
  author = {Tom{\'{a}}s Br{\'{a}}zdil and
               Stefan Kiefer and
               Anton{\'{\i}}n Kucera and
               Ivana Hutarov{\'{a}} Varekov{\'{a}}},
  title = {Runtime analysis of probabilistic programs with unbounded
                  recursion},
  journal = {J. Comput. Syst. Sci.},
  volume = {81},
  number = {1},
  pages = {288--310},
  year = {2015},
  url = {https://doi.org/10.1016/j.jcss.2014.06.005},
  doi = {10.1016/j.jcss.2014.06.005},
  timestamp = {Sat, 20 May 2017 00:25:53 +0200},
  biburl =
                  {http://dblp.uni-trier.de/rec/bib/journals/jcss/BrazdilKKV15},
  bibsource = {dblp computer science bibliography, http://dblp.org}
}



@article{Kozen81,
  author = {Dexter Kozen},
  title = {Semantics of Probabilistic Programs},
  journal = {J. Comput. Syst. Sci.},
  volume = {22},
  number = {3},
  pages = {328--350},
  year = {1981},
  url = {https://doi.org/10.1016/0022-0000(81)90036-2},
  doi = {10.1016/0022-0000(81)90036-2},
  timestamp = {Sat, 20 May 2017 00:25:56 +0200},
  biburl = {http://dblp.uni-trier.de/rec/bib/journals/jcss/Kozen81},
  bibsource = {dblp computer science bibliography, http://dblp.org}
}



@article{Nielson87,
  author = {Hanne Riis Nielson},
  title = {A Hoare-Like Proof System for Analysing the Computation
                  Time of Programs},
  journal = {Sci. Comput. Program.},
  volume = {9},
  number = {2},
  pages = {107--136},
  year = {1987},
  url = {https://doi.org/10.1016/0167-6423(87)90029-3},
  doi = {10.1016/0167-6423(87)90029-3},
  timestamp = {Sat, 27 May 2017 14:22:54 +0200},
  biburl = {http://dblp.uni-trier.de/rec/bib/journals/scp/Nielson87},
  bibsource = {dblp computer science bibliography, http://dblp.org}
}



@inproceedings{OlmedoKKM16,
  author = {Federico Olmedo and
               Benjamin Lucien Kaminski and
               Joost{-}Pieter Katoen and
               Christoph Matheja},
  title = {{Reasoning about Recursive Probabilistic Programs}},
  booktitle = {Proceedings of the 31st Annual {ACM/IEEE} Symposium on
                  Logic in Computer
               Science, {LICS} '16, New York, NY, USA, July 5-8,
                  2016},
  pages = {672--681},
  year = {2016},
}


@inproceedings{Kamin16,
 author = {Kaminski, Benjamin Lucien and Katoen, Joost-Pieter and
                  Matheja, Christoph and Olmedo, Federico},
 title = {{Weakest Precondition Reasoning for Expected Run–Times of
                  Probabilistic Programs}},
 booktitle = {{Proceedings of the European Symposium on Programming
                  Languages and Systems (ESOP'16)}},
 year = {2016},
 location = {{Eindhoven, The Netherlands}},
 publisher = {{Springer}}
}


@inproceedings{Haeberlen2011,
 author = {Haeberlen, Andreas and Pierce, Benjamin C. and Narayan,
                  Arjun},
 title = {{Differential Privacy Under Fire}},
 booktitle = {Proceedings of the 20th USENIX Conference on Security},
 series = {SEC'11},
 year = {2011},
 location = {San Francisco, CA},
 pages = {33--33},
 numpages = {1},
 publisher = {USENIX Association},
}


@inproceedings{Barthe2014,
 author = {Barthe, Gilles and Gaboardi, Marco and Arias, Emilio
                  Jes\'{u}s Gallego and Hsu, Justin and Kunz,
                  C{\'e}sar and Strub, Pierre-Yves},
 title = {{Proving Differential Privacy in Hoare Logic}},
 booktitle = {Proceedings of the 2014 IEEE 27th Computer Security
                  Foundations Symposium},
 series = {CSF '14},
 year = {2014},
 isbn = {978-1-4799-4290-9},
 pages = {411--424},
 numpages = {14},
 publisher = {IEEE Computer Society},
}



@article{HickeyC88,
  author = {Timothy J. Hickey and
               Jacques Cohen},
  title = {{Automating Program Analysis}},
  journal = {J. ACM},
  volume = {35},
  number = {1},
  year = {1988},
  pages = {185-220},
  bibsource = {DBLP, http://dblp.uni-trier.de}
}

@phdthesis{Ramshaw79,
 author = {Ramshaw, Lyle Harold},
 title = {{Formalizing the Analysis of Algorithms}},
 year = {1979},
 note = {AAI8001994},
 school = {Stanford University},
 address = {Stanford, CA, USA},
}


@inproceedings{ChatterjeeFM17,
  author = {Krishnendu Chatterjee and
               Hongfei Fu and
               Aniket Murhekar},
  title = {{Automated Recurrence Analysis for Almost-Linear
                  Expected-Runtime Bounds}},
   booktitle= {{Computer Aided Verification - 29th
                  Int. Conf. (CAV'17)}},
  year = {2017},
}

@inproceedings{ChatterjeeFG17,
  author = {Krishnendu Chatterjee and
               Hongfei Fu and
               Amir Kafshdar Goharshady},
  title = {{Non-polynomial Worst-Case Analysis of Recursive
                  Programs}},
   booktitle= {{Computer Aided Verification - 29th
                  Int. Conf. (CAV'17)}},
  year = {2017},
}



@inproceedings{MadhavanKK17,
  author = {Ravichandhran Madhavan and
               Sumith Kulal and
               Viktor Kuncak},
  title = {Contract-based resource verification for higher-order
                  functions with
               memoization},
  booktitle = {Proceedings of the 44th Symposium on Principles of
               Programming Languages (POPL'17)},
  year = {2017},
}


@inproceedings{KincaidBBR2017,
  title={Compositional Recurrence Analysis Revisited},
  author={Kincaid, Zachary and Breck, Jason and Boroujeni, Ashkan
                  Forouhi and Reps, Thomas},
  booktitle = {Conference on Programming Language Design and
                  Implementation (PLDI'17)},
  year={2017}
}


@inproceedings{Ristenpart2009,
 author = {Ristenpart, Thomas and Tromer, Eran and Shacham, Hovav and
                  Savage, Stefan},
 title = {Hey, You, Get off of My Cloud: Exploring Information Leakage
                  in Third-party Compute Clouds},
 booktitle = {Proceedings of the 16th ACM Conference on Computer and
                  Communications Security},
 year = {2009}
}


@inproceedings{Reiter2015,
 author = {Reiter, Michael K.},
 title = {Side Channels in Multi-Tenant Environments},
 booktitle = {Proceedings of the 2015 ACM Workshop on Cloud Computing
                  Security Workshop},
 year = {2015}
}

@inproceedings{MacQueen67,
  address = "Berkeley, Calif.",
  author = "MacQueen, J.",
  booktitle = "Proceedings of the Fifth Berkeley Symposium on
                  Mathematical Statistics and Probability, Volume 1:
                  Statistics",
  pages = "281--297",
  publisher = "University of California Press",
  title = "Some methods for classification and analysis of
                  multivariate observations",
  year = "1967"
}


@misc{Yarrkov10,
  title={Cryptanalysis of {XXTEA}},
  booktitle={IACR Eprint archive},
  keywords={secret-key cryptography / block ciphers, differential
                  cryptanalysis},
  url={http://eprint.iacr.org/2010/254},
  author={Elias Yarrkov},
  year=2010
}


@inproceedings{AskarovZM10,
 author = {Askarov, Aslan and Zhang, Danfeng and Myers, Andrew C.},
 title = {Predictive Black-box Mitigation of Timing Channels},
 booktitle = {Proceedings of the 17th ACM Conference on Computer and
                  Communications Security},
 year = {2010}
}

@article{BartheRW06,
 author = {Barthe, Gilles and Rezk, Tamara and Warnier, Martijn},
 title = {Preventing Timing Leaks Through Transactional Branching
                  Instructions},
 journal = {Electron. Notes Theor. Comput. Sci.},
 issue_date = {May, 2006},
 volume = {153},
 number = {2},
 month = may,
 year = {2006},
 publisher = {Elsevier}
}

@inproceedings{CoppensVBK09,
 author = {Coppens, Bart and Verbauwhede, Ingrid and Bosschere, Koen
                  De and Sutter, Bjorn De},
 title = {Practical Mitigations for Timing-Based Side-Channel Attacks
                  on Modern x86 Processors},
 booktitle = {Proceedings of the 2009 30th IEEE Symposium on Security
                  and Privacy},
 year = {2009}
}


@inproceedings{PasareanuPM16,
 author = {Pasareanu, Corina and Phan, Quoc-San and Malacaria,
                  Pasquale},
 title = {Multi-run side-channel analysis using Symbolic Execution and
                  Max-SMT},
 booktitle = {Proceedings of the 29th IEEE Computer Security
                  Foundations Symposium},
 year = {2016},
 location = {Lisbon, Portugal}
}

@inproceedings{BartheBCLP14,
 author = {Barthe, Gilles and Betarte, Gustavo and Campo, Juan and
                  Luna, Carlos and Pichardie, David},
 title = {System-level Non-interference for Constant-time
                  Cryptography},
 booktitle = {Proceedings of the 2014 ACM Conference on Computer and
                  Communications Security},
 year = {2014}
}


@inproceedings{MolnarPSW,
 author = {Molnar, David and Piotrowski, Matt and Schultz, David and
                  Wagner, David},
 title = {The Program Counter Security Model: Automatic Detection and
                  Removal of Control-flow Side Channel Attacks},
 booktitle = {Proceedings of the 8th International Conference on
                  Information Security and Cryptology},
 year = {2006}
}


@inproceedings{RodriguesQFA16,
 author = {Rodrigues, Bruno and Quint\~{a}o Pereira, Fernando Magno
                  and Aranha, Diego F.},
 title = {Sparse Representation of Implicit Flows with Applications to
                  Side-channel Detection},
 booktitle = {Proceedings of the 25th International Conference on
                  Compiler Construction},
 year = {2016}
}

@article{HedinS05,
 author = {Hedin, Daniel and Sands, David},
 title = {Timing Aware Information Flow Security for a JavaCard-like
                  Bytecode},
 journal = {Electron. Notes Theor. Comput. Sci.},
 issue_date = {December, 2005},
 volume = {141},
 number = {1},
 month = dec,
 year = {2005},
 publisher = {Elsevier}
}


@inproceedings{Agat00,
 author = {Agat, Johan},
 title = {Transforming out Timing Leaks},
 booktitle = {Proceedings of the 27th ACM Symposium on Principles of
                  Programming Languages},
 year = {2000}
}

@inproceedings{VolpanoS97,
author = {Dennis Volpano and Geoffrey Smith},
title = {Eliminating Covert Flows with Minimum Typings},
booktitle ={Proceedings of the 1st IEEE Computer Security Foundations
                  Workshop},
year = {1997},
publisher = {IEEE Computer Society},
address = {Los Alamitos, CA, USA}
}

@inproceedings{ZhangAM11,
 author = {Zhang, Danfeng and Askarov, Aslan and Myers, Andrew C.},
 title = {Predictive Mitigation of Timing Channels in Interactive
                  Systems},
 booktitle = {Proceedings of the 18th ACM Conference on Computer and
                  Communications Security},
 year = {2011}
}

@inproceedings{KopfMO12,
 author = {K\"{o}pf, Boris and Mauborgne, Laurent and Ochoa,
                  Mart\'{\i}n},
 title = {Automatic Quantification of Cache Side-channels},
 booktitle = {Proceedings of the 24th International Conference on
                  Computer Aided Verification},
 year = {2012},
 location = {Berkeley, CA}
}

@inproceedings {DoychevFKMR13,
author = {Goran Doychev and Dominik Feld and Boris Kopf and Laurent
                  Mauborgne and Jan Reineke},
title = {CacheAudit: A Tool for the Static Analysis of Cache Side
                  Channels},
booktitle = {Proceedings of the 22nd USENIX Security Symposium},
year = {2013},
address = {Washington, D.C.},
publisher = {USENIX}
}

@inproceedings{MardzielAHC14,
 author = {Mardziel, Piotr and Alvim, Mario S. and Hicks, Michael and
                  Clarkson, Michael R.},
 title = {Quantifying Information Flow for Dynamic Secrets},
 booktitle = {Proceedings of the 2014 IEEE Symposium on Security and
                  Privacy},
 year = {2014}
}


@inproceedings{KopfB2007,
 author = {K\"{o}pf, Boris and Basin, David},
 title = {An Information-theoretic Model for Adaptive Side-channel
                  Attacks},
 booktitle = {Proceedings of the 14th ACM Conference on Computer and
                  Communications Security},
 year = {2007}
}


@inproceedings{AlmeidaBBDE16,
author = {Jose Carlos Bacelar Almeida and Manuel Barbosa and Gilles
                  Barthe and Fran{\c c}ois Dupressoir and Michael
                  Emmi},
title = {Verifying Constant-time Implementations},
booktitle = {25th USENIX Security Symposium},
year = {2016},
month = Aug,
address = {Austin, TX}
}

@inproceedings{ZhangJRR14,
 author = {Zhang, Yinqian and Juels, Ari and Reiter, Michael K. and
                  Ristenpart, Thomas},
 title = {Cross-Tenant Side-Channel Attacks in PaaS Clouds},
 booktitle = {Proceedings of the 2014 ACM Conference on Computer and
                  Communications Security},
 year = {2014}
}

@inproceedings{FeltenS00,
 author = {Felten, Edward W. and Schneider, Michael A.},
 title = {Timing Attacks on Web Privacy},
 booktitle = {Proceedings of the 7th ACM Conference on Computer and
                  Communications Security},
 year = {2000}
}

@inproceedings{BortzB07,
 author = {Bortz, Andrew and Boneh, Dan},
 title = {Exposing Private Information by Timing Web Applications},
 booktitle = {Proceedings of the 16th International Conference on
                  World Wide Web},
 year = {2007},
}

@inproceedings{GullaschBK11,
 author = {Gullasch, David and Bangerter, Endre and Krenn, Stephan},
 title = {Cache Games -- Bringing Access-Based Cache Attacks on AES to
                  Practice},
 booktitle = {Proceedings of the 2011 IEEE Symposium on Security and
                  Privacy},
 year = {2011},
}

@inproceedings{CanvelHVV2003,
  Address = {Berlin, Heidelberg},
  Author = {Canvel, Brice and Hiltgen, Alain and Vaudenay, Serge and
                  Vuagnoux, Martin},
  Booktitle = {Proceedings of the 23rd Annual International Cryptology
                  Conference},
  Title = {Password Interception in a SSL/TLS Channel},
  Year = 2003
}

@inproceedings{AlFardanP13,
  author = {Nadhem J. AlFardan and
               Kenneth G. Paterson},
  title = {Lucky Thirteen: Breaking the {TLS} and {DTLS} Record
                  Protocols},
  booktitle = {2013 {IEEE} Symposium on Security and Privacy},
  year = {2013},
}

@inproceedings{AndryscoKMJLS15,
  author = {Andrysco, Marc and Kohlbrenner, David and Mowery, Keaton
                  and Jhala, Ranjit and Lerner, Sorin and Shacham,
                  Hovav},
  booktitle = {{2015} IEEE Symposium on Security and Privacy},
  title = {On Subnormal Floating Point and Abnormal Timing},
  year = 2015
}

@inproceedings{HaeberlenPA11,
 author = {Haeberlen, Andreas and Pierce, Benjamin C. and Narayan,
                  Arjun},
 title = {Differential Privacy Under Fire},
 booktitle = {Proceedings of the 20th Annual USENIX Security
                  Symposium},
 year = {2011},
}

@inproceedings{ChargueraudP15,
  author = {Arthur Chargu{\'{e}}raud and
               Fran{\c{c}}ois Pottier},
  title = {{Machine-Checked Verification of the Correctness and
                  Amortized Complexity
               of an Efficient Union-Find Implementation}},
  booktitle = {Interactive Theorem Proving - 6th International
                  Conference (ITP'15)},
  year = {2015}
}

@inproceedings{Nipkow15,
  author = {Tobias Nipkow},
  title = {{Amortized Complexity Verified}},
  booktitle = {Interactive Theorem Proving - 6th International
                  Conference (ITP'15)},
  year = {2015}
}


@inproceedings{FrohnNHBG16,
  author = {Florian Frohn and
               M. Naaf and
               Jera Hensel and
               Marc Brockschmidt and
               J{\"{u}}rgen Giesl},
  title = {{Lower Runtime Bounds for Integer Programs}},
  booktitle = {Automated Reasoning - 8th International Joint
                  Conference (IJCAR'16)},
  year = {2016}
}

@article{AlbertGM12,
  author = {Elvira Albert and Samir Genaim and Abu Naser Masud},
  title = {On the {I}nference of {R}esource {U}sage {U}pper and
                  {L}ower {B}ounds},
  journal = {ACM Transactions on Computational Logic},
  year = 2013,
  volume = {14},
  number = {3}
}

@book{Algorithms,
 author = {Cormen, Thomas H. and Stein, Clifford and Rivest, Ronald
                  L. and Leiserson, Charles E.},
 title = {{Introduction to Algorithms}},
 year = {2001},
 isbn = {0070131511},
 publisher = {McGraw-Hill Higher Education},
 }


@techreport{inriaOCaml,
  author = {Xavier Leroy and
  			Damien Doligez and
			Alain Frisch and
			Jacques Garrigue and
			Didier R\'{e}my and
			J\'{e}r\^{o}me Vouillon},
  title = {{The OCaml system release 4.02}},
  number = {},
  institution = {Institut National de Recherche en Informatique et en
                  Automatique},
  note =
                  {http://caml.inria.fr/distrib/ocaml-4.02/ocaml-4.02-refman.pdf},
  year = 2014
}


@inproceedings{CicekGA15,
  author = {Ezgi {\c{C}}i{\c{c}}ek and
               Deepak Garg and
               Umut A. Acar},
  title = {{Refinement Types for Incremental Computational
                  Complexity}},
  booktitle = {24th European Symposium on Programming (ESOP'15)},
  year = {2015},
}

@inproceedings{CernyHKRZ15,
  author = {Pavol Cern{\'{y}} and
               Thomas A. Henzinger and
               Laura Kov{\'{a}}cs and
               Arjun Radhakrishna and
               Jakob Zwirchmayr},
  title = {{Segment Abstraction for Worst-Case Execution Time
                  Analysis}},
  booktitle = {24th European Symposium on Programming (ESOP'15)},
  year = {2015},
}

@inproceedings{FloresH14,
  author = {Antonio Flores{-}Montoya and
               Reiner H{\"{a}}hnle},
  title = {{Resource Analysis of Complex Programs with Cost
                  Equations}},
  booktitle = {Programming Languages and Systems - 12th Asian Symposiu
                  (APLAS'14)},
  year = {2014},
}

@inproceedings{BlancHHK10,
  author = {R{\'e}gis Blanc and
               Thomas A. Henzinger and
               Thibaud Hottelier and
               Laura Kov{\'a}cs},
  title = {{ABC: Algebraic Bound Computation for Loops}},
  booktitle = {Logic for Prog., AI., and Reasoning - 16th
                  Int. Conf. (LPAR'10)},
  year = {2010}
}


@inproceedings{AvanziniM13,
  author = {Martin Avanzini and
               Georg Moser},
  title = {{A Combination Framework for Complexity}},
  booktitle = {24th International Conference on Rewriting Techniques
                  and Applications ({RTA}'13)},
  year = {2013},
}

@article{NoschinskiEG13,
  author = {Lars Noschinski and
               Fabian Emmes and
               J{\"{u}}rgen Giesl},
  title = {{Analyzing Innermost Runtime Complexity of Term Rewriting
                  by Dependency
               Pairs}},
  journal = {J. Autom. Reasoning},
  volume = {51},
  number = {1},
  pages = {27--56},
  year = {2013},
}

@inproceedings{AlbertFR15,
  author = {Elvira Albert and
               Jes{\'{u}}s Correas Fern{\'{a}}ndez and
               Guillermo Rom{\'{a}}n{-}D{\'{\i}}ez},
  title = {{Non-cumulative Resource Analysis}},
  booktitle = {Tools and Algorithms for the Construction and Analysis
                  of Systems
               - 21st International Conference, (TACAS'15)},
  year = {2015},
}

@inproceedings{DannerLR15,
  author = {Norman Danner and Daniel R. Licata and Ramyaa Ramyaa},
  title = {{Denotational Cost Semantics for Functional Languages with
                  Inductive Types}},
  booktitle = {{29th Int. Conf. on Functional Programming (ICFP'15)}},
  year = {2012}
}


@inproceedings{HofmannM15,
  author = {Martin Hofmann and
               Georg Moser},
  title = {{Multivariate Amortised Resource Analysis for Term Rewrite
                  Systems}},
  booktitle = {13th International Conference on Typed Lambda Calculi
                  and Applications (TLCA'15)},
  year = {2015},
}

@inproceedings{VasconcelosJFH15,
  author = {Pedro B. Vasconcelos and
               Steffen Jost and
               M{\'{a}}rio Florido and
               Kevin Hammond},
  title = {{Type-Based Allocation Analysis for Co-recursion in Lazy
                  Functional
               Languages}},
  booktitle = {24th European Symposium on Programming ({ESOP}'15)},
  year = {2015},
}


@inproceedings{AvanziniLM15,
  author = {Martin Avanzini and Ugo Dal Lago and Georg Moser},
  title = {{Analysing the Complexity of Functional Programs:
                  Higher-Order Meets First-Order}},
  booktitle = {{29th Int. Conf. on Functional Programming (ICFP'15)}},
  year = {2012}
}


@inproceedings{CrosbyW03,
  author = {Scott A. Crosby and
               Dan S. Wallach},
  title = {Denial of Service via Algorithmic Complexity Attacks},
  booktitle = {12th {USENIX} Security Symposium ({USENIX}'12)},
  year = {2003},
}


@inproceedings{BrumleyT11,
  author = {Billy Bob Brumley and
               Nicola Tuveri},
  title = {{Remote Timing Attacks Are Still Practical}},
  booktitle = {16th European Symposium
               on Research in Computer Security (ESORICS'11)},
  year = {2011},
}


@inproceedings{Kocher96,
  author = {Paul C. Kocher},
  title = {{Timing Attacks on Implementations of Diffie-Hellman, RSA,
               DSS, and Other Systems}},
  booktitle = {16th Annual International
               Cryptology Conference (CRYPTO'96)},
  year = {1996},
}


@inproceedings{JinSSSL12,
  author = {Guoliang Jin and
               Linhai Song and
               Xiaoming Shi and
               Joel Scherpelz and
               Shan Lu},
  title = {{Understanding and Detecting Real-World Performance Bugs}},
  booktitle = {Conference on Programming Language Design and
                  Implementation {PLDI}'12},
  year = {2012},
}

@inproceedings{OlivoDL15,
  author = {Oswaldo Olivo and
               Isil Dillig and
               Calvin Lin},
  title = {{Static Detection of Asymptotic Performance Bugs in
                  Collection Traversals}},
  booktitle = {Conference on Programming Language Design and
                  Implementation (PLDI'15)},
  year = 2015,
}


@book{Vanderbei2001,
    author = {Vanderbei, Robert J.},
    publisher = {Springer US},
    title = {{Linear Programming: Foundations and Extensions}},
    year = {2001}
}


@phdthesis{mine-PhD04,
  author={Min{\'e}, A{.}},
  title={Weakly relational numerical abstract domains},
  school={{\'E}cole Polytechnique},
  year={2004},
  address={Paris, France}
}


@inproceedings{BrockschmidtEFFG14,
  author = {Marc Brockschmidt and
               Fabian Emmes and
               Stephan Falke and
               Carsten Fuhs and
               J{\"u}rgen Giesl},
  title = {{Alternating Runtime and Size Complexity Analysis of
                  Integer
               Programs}},
  booktitle = {{20th Int. Conf. on Tools and Alg. for the Constr. and
                  Anal. of
               Systems (TACAS'14)}},
  year = {2014},
}

@inproceedings{HirokawaM14,
  author = {Nao Hirokawa and
               Georg Moser},
  title = {{Automated Complexity Analysis Based on Context-Sensitive
                  Rewriting}},
  booktitle = {Rewriting and Typed Lambda Calculi (RTA-TLCA'14)},
  year = {2014},
}

@inproceedings{HofmannM14,
  author = {Martin Hofmann and
               Georg Moser},
  title = {{Amortised Resource Analysis and Typed Polynomial
                  Interpretations}},
  booktitle = {Rewriting and Typed Lambda Calculi (RTA-TLCA;14)},
  year = {2014},
}


@inproceedings{AliasDFG10,
  author = {Christophe Alias and
               Alain Darte and
               Paul Feautrier and
               Laure Gonnord},
  title = {{Multi-dimensional Rankings, Program Termination, and
                  Complexity
               Bounds of Flowchart Programs}},
  booktitle = {{17th Int. Static Analysis Symposium (SAS'10)}},
  year = {2010},
}


@inproceedings{SinnZV14,
 booktitle= {{Computer Aided Verification - 26th
                  Int. Conf. (CAV'14)}},
 title={{A Simple and Scalable Approach to Bound Analysis and
                  Amortized Complexity Analysis}},
 author={Sinn, Moritz and Zuleger, Florian and Veith, Helmut},
 year={2014}
}


@inproceedings{SISG06,
  author = {Sriram Sankaranarayanan and
               Franjo Ivancic and
               Ilya Shlyakhter and
               Aarti Gupta},
  title = {{Static Analysis in Disjunctive Numerical Domains}},
  booktitle = {{13th Int. Static Analysis Symp. (SAS'06)}},
  year = {2006},
}

@inproceedings{CousotH78,
  author = {Patrick Cousot and
               Nicolas Halbwachs},
  title = {{Automatic Discovery of Linear Restraints Among Variables
               of a Program}},
  booktitle = {{5th ACM Symp. on Principles Prog. Langs. (POPL'78)}},
  year = {1978}
}


@inproceedings{AlbertAGGP12,
  author = {Elvira Albert and
               Puri Arenas and
               Samir Genaim and
               Miguel G{\'o}mez-Zamalloa and
               Germ{\'a}n Puebla},
  title = {{Automatic Inference of Resource Consumption Bounds}},
  booktitle = {{18th Conference on Logic for Programming, Artificial
                  Intelligence, and Reasoning
               (LPAR'12)}},
  year = {2012}
}



@article{AlonsoAG11,
  author = {Diego Esteban Alonso-Blas and
               Puri Arenas and
               Samir Genaim},
  title = {{Handling Non-linear Operations in the Value Analysis of
               COSTA}},
  journal = {Electr. Notes Theor. Comput. Sci.},
  volume = {279},
  number = {1},
  year = {2011},
  pages = {3-17}
}


@article{Albert12,
title = {{Cost Analysis of Object-Oriented Bytecode Programs}},
author = {Elvira Albert and Puri Arenas and Samir Genaim and German
                  Puebla and Damiano Zanardini},
journal = {Theor. Comput. Sci.},
volume = "413",
number = "1",
pages = "142 - 159",
year = "2012"
}


@article{Riordan72,
title = {{Arrangements on Chessboards}},
journal = {{Journal of Combinatorial Theory, Series A}},
volume = "12",
number = "1",
year = "1972",
note = "",
issn = "0097-3165",
author = "John Riordan and Paul R Stein"
}pages = {72-80}




@techreport{NESL95,
    author = {Guy E. Blelloch},
    title = {NESL: A Nested Data-Parallel Language (Version 3.1)},
    number = {CMU-CS-95-170},
    institution = {CMU},
    year = {1995}
}


@book{Harper12,
 author = {Robert Harper},
 title = {{Practical Foundations for Programming Languages}},
 year = 2012,
 isbn = 9781107029576,
 publisher = {Cambridge University Press}
 }


@inproceedings{Chargueraud13,
  author = {Arthur Chargu{\'e}raud},
  title = {{Pretty-Big-Step Semantics}},
  booktitle = {{22nd Euro. Symp. on Prog. (ESOP'13)}},
  year = {2013}
}




@inproceedings{AlbertAGGP11,
  author = {Elvira Albert and
               Puri Arenas and
               Samir Genaim and
               Miguel G{\'o}mez-Zamalloa and
               German Puebla},
  title = {{Cost Analysis of Concurrent OO Programs}},
  booktitle = {{9th Asian Symp. on Prog. Langs. and Systems
                  (APLAS'11)}},
  year = {2011},
}

@techreport{Zimmermann90,
  author = {Wolf Zimmermann},
  title = {{Automatic Worst Case Complexity Analysis of Parallel
                  Programs}},
  number = {TR-90-066},
  institution = {University of California, Berkeley},
  year = {1990}
}


@inproceedings{BlellochG96,
  author = {Guy E. Blelloch and
               John Greiner},
  title = {{A Provable Time and Space Efficient Implementation of
                  NESL}},
  booktitle = {{1st Int. Conf. on Funct. Prog. (ICFP'96)}},
  year = {1996}
}


@inproceedings{BlellochH13,
  author = {Guy E. Blelloch and
               Robert Harper},
  title = {{Cache and I/O Efficent Functional Algorithms}},
  booktitle = {{40th ACM Symp. on Principles Prog. Langs. (POPL'13)}},
  year = {2013}
}



@inproceedings{AlonsoG12,
  author = {Diego Esteban Alonso-Blas and
               Samir Genaim},
  title = {On the Limits of the Classical Approach to Cost Analysis},
  booktitle = {{19th Int. Static Analysis Symp. (SAS'12)}},
  year = {2012}
}


@article{TrinderCHLM13,
  author = {Philip W. Trinder and
               M. I. Cole and
               Kevin Hammond and
               Hans-Wolfgang Loidl and
               Greg Michaelson},
  title = {{Resource Analyses for Parallel and Distributed
                  Coordination}},
  journal = {Concurrency and Computation: Practice and Experience},
  volume = {25},
  number = {3},
  year = {2013},
  pages = {309-348}
}


@inproceedings{DannerPR13,
  author = {Norman Danner and
               Jennifer Paykin and
               James S. Royer},
  title = {{A Static Cost Analysis for a Higher-Order Language}},
  booktitle = {{7th Workshop on Prog. Languages
               Meets Prog. Verification (PLPV'13)}},
  year = {2013},
}

@inproceedings{LagoG11,
  author = {Ugo Dal Lago and
               Marco Gaboardi},
  title = {{Linear Dependent Types and Relative Completeness}},
  booktitle = {{26th IEEE Symp. on Logic in Computer Science
                  (LICS'11)}},
  year = {2011}
}

@inproceedings{LagoP13,
  author = {Ugo Dal Lago and
               Barbara Petit},
  title = {{The Geometry of Types}},
  booktitle = {{40th ACM Symp. on Principles Prog. Langs. (POPL'13)}},
  year = {2013}
}


@inproceedings{SimoesVFJH12,
  author = {Hugo R. Sim{\~o}es and
               Pedro B. Vasconcelos and
               M{\'a}rio Florido and
               Steffen Jost and
               Kevin Hammond},
  title = {{Automatic Amortised Analysis of Dynamic Memory Allocation
               for Lazy Functional Programs}},
  booktitle = {{17th Int. Conf. on Funct. Prog. (ICFP'12)}},
  year = {2012}
}

@inproceedings{HofmannR13,
  author = {Martin Hofmann and
               Dulma Rodriguez},
  title = {{Automatic Type Inference for Amortised Heap-Space
                  Analysis}},
  booktitle = {{22nd Euro. Symp. on Prog. (ESOP'13)}},
  year = {2013}
}



@misc{ramlWeb,
  author = {Jan Hoffmann},
  title = {{RAML Web Site}},
  year = {{2016}},
  howpublished = {\url{http://raml.co/}}
}

@misc{CoinOrCLP,
	author = {{The CLP Team}},
	title = {{CLP}},
	year = {2018},
	howpublished = {\url{https://projects.coin-or.org/Clp}}
}

@misc{ramlWebAnon,
  author = {Jan Hoffmann},
  title = {{RAML Web Site}},
  year = {{2016}},
}



@inproceedings{Zuleger11,
 author = {Florian Zuleger and Moritz Sinn and Sumit Gulwani and
                  Helmut Veith},
 title = {{Bound Analysis of Imperative Programs with the Size-change
                  Abstraction}},
 booktitle = {{18th Int. Static Analysis Symp. (SAS'11)}},
 year = {2011}
}



@article{Wegbreit75,
  author = {Ben Wegbreit},
  title = {{Mechanical Program Analysis}},
  journal = {Commun. ACM},
  volume = {18},
  number = {9},
  year = {1975},
  pages = {528-539}
}


@article{AlbertAGP11a,
  author = {Elvira Albert and Puri Arenas and Samir Genaim and
                  Germ\'an Puebla},
  title = {{C}losed-{F}orm {U}pper {B}ounds in {S}tatic {C}ost
                  {A}nalysis},
  journal = {Journal of Automated Reasoning},
  year = {2011},
  pages = {161-203}
}


@inproceedings{Danielsson08,
  author = {Nils Anders Danielsson},
  title = {{Lightweight Semiformal Time Complexity Analysis for Purely
               Functional Data Structures}},
  booktitle = {35th ACM Symp. on Principles Prog. Langs. (POPL'08)},
  year = {2008}
}



@article{Wilhelm08,
  author = {Reinhard Wilhelm and others},
  title = {{The Worst-Case Execution-Time Problem --- Overview of
                  Methods
               and Survey of Tools}},
  journal = {ACM Trans. Embedded Comput. Syst.},
  volume = 7,
  number = 3,
  year = 2008
}




@book{ConcreteMath,
 author = {Graham, Ronald L. and Knuth, Donald E. and Patashnik,
                  Oren},
 title = {Concrete Mathematics: A Foundation for Computer Science},
 year = 1994,
 isbn = 0201558025,
 publisher = {Addison-Wesley Longman Publishing Co.},
 address = {Boston, MA, USA},
 }



@inproceedings{GulwaniZ10,
  author = {Sumit Gulwani and
               Florian Zuleger},
  title = {{The Reachability-Bound Problem}},
  booktitle = {{Conf. on Prog.
               Lang. Design and Impl. (PLDI'10)}},
  year = {2010}
}


@article{Benzinger04,
  author = {Ralph Benzinger},
  title = {{Automated Higher-Order Complexity Analysis}},
  journal = {{Theor. Comput. Sci.}},
  volume = {318},
  number = {1-2},
  year = {2004},
  pages = {79-103}
}

@inproceedings{GulwaniJK09,
  author = {Sumit Gulwani and
               Sagar Jain and
               Eric Koskinen},
  title = {{Control-Flow Refinement and Progress Invariants for Bound
               Analysis}},
  booktitle = {{Conf. on Prog.
               Lang. Design and Impl. (PLDI'09)}},
  year = {2009}
}


@inproceedings{Albert07,
  author = {Elvira Albert and
               Puri Arenas and
               Samir Genaim and
               Germ{\'a}n Puebla and
               Damiano Zanardini},
  title = {{Cost Analysis of Java Bytecode}},
  booktitle = {{16th Euro. Symp. on Prog. (ESOP'07)}},
  year = {2007}
}


@inproceedings{Atkey10,
  author = {Robert Atkey},
  title = {{Amortised Resource Analysis with Separation Logic}},
  booktitle = {{19th Euro. Symp. on Prog. (ESOP'10)}},
  year = {2010}
}

@article{Leroy09,
  author = {Xavier Leroy},
  title = {{Formal Verification of a Realistic Compiler}},
  journal = {{Communications of the ACM}},
  volume = {52},
  number = {7},
  year = {2009},
  pages = {107-115}
}

@inproceedings{Leroy06,
  author = {Xavier Leroy},
  title = {{Coinductive Big-Step Operational Semantics}},
  booktitle = {{15th Euro. Symp. on Prog. (ESOP'06)}},
  year = {2006}
}

@inproceedings{cousot92,
 author = {Patrick Cousot and Radhia Cousot},
 title = {{Inductive Definitions, Semantics and Abstract
                  Interpretations}},
 booktitle = {19th ACM Symp. on Principles of Prog. Langs. (POPL
                  '92)},
 year = {1992}
 }


@book{Knuth1,
 author = {Knuth, Donald E.},
 title = {{The Art of Computer Programming, Volume 1 (3rd ed.):
                  Fundamental Algorithms}},
 year = {1997},
 isbn = {0-201-89683-4},
 publisher = {Addison Wesley},
 address = {Redwood City, CA, USA}
 }



@inproceedings{BeringerHMS04,
  author = {Lennart Beringer and
               Martin Hofmann and
               Alberto Momigliano and
               Olha Shkaravska},
  title = {{Automatic Certification of Heap Consumption}},
  booktitle = {Log. f. Prog., AI, and Reas.,
               11th Conf. (LPAR'04)},
  year = 2004
}

@inproceedings{Jost10,
  author = {Steffen Jost and
               Kevin Hammond and
               Hans-Wolfgang Loidl and
               Martin Hofmann},
  title = {{Static Determination of Quantitative Resource Usage for
                  Higher-Order Programs}},
  booktitle = {{37th ACM Symp. on Principles of
                  Prog. Langs. (POPL'10)}},
  year = {2010}
}

@inproceedings{GulwaniMC09,
  author = {Sumit Gulwani and
               Krishna K. Mehra and
               Trishul M. Chilimbi},
  title = {{SPEED: Precise and Efficient Static Estimation of Program
               Computational Complexity}},
  booktitle = {{36th ACM Symp. on Principles of
                  Prog. Langs. (POPL'09)}},
  year = {2009}
}

@inproceedings{Gulwani08,
  author = {Bhargav S. Gulavani and
               Sumit Gulwani},
  title = {{A Numerical Abstract Domain Based on Expression
                  Abstraction
               and Max Operator with Application in Timing Analysis}},
  booktitle = {{Comp. Aid. Verification, 20th Int. Conf. (CAV '08)}},
  year = 2008
}




@article(girard/scedrov/scott:bll,
  author = "Jean-Yves Girard and
               Andre Scedrov and
               Philip Scott",
  TITLE = {{Bounded Linear Logic}},
  JOURNAL = "Theoret. Comput. Sci.",
  YEAR = 1992,
  volume = 97,
  number = 1,
  pages = "1--66"
		)


@article{tarjan85,
author = {Robert Endre Tarjan},
title = {{Amortized Computational Complexity}},
publisher = {SIAM},
year = {1985},
journal = {SIAM J. Algebraic Discrete Methods},
volume = {6},
number = {2},
pages = {306-318}
}
% url = {http://link.aip.org/link/?SML/6/306/1},


@inproceedings{Jost03,
  author = {Martin Hofmann and
               Steffen Jost},
  title = {{Static Prediction of Heap Space Usage for First-Order
                  Functional
               Programs}},
  booktitle = {{30th ACM Symp. on Principles of
                  Prog. Langs. (POPL'03)}},
  year = {2003}
}

@inproceedings{Jost09,
  author = {Steffen Jost and
               Hans-Wolfgang Loidl and
               Kevin Hammond and Norman Scaife and Martin Hofmann},
  title = {{Carbon Credits for Resource-Bounded Computations using
                  Amortised Analysis}},
  year = 2009,
  booktitle = {16th Symp. on Form. Meth. (FM'09)}
}

@inproceedings{Jost06,
  author = {Martin Hofmann and
               Steffen Jost},
  title = {{Type-Based Amortised Heap-Space Analysis}},
  booktitle = {15th Euro. Symp. on Prog. (ESOP'06)},
  year = {2006}
}

@inproceedings{Rodriguez09,
  author = {Martin Hofmann and
               Dulma Rodriguez},
  title = {{Efficient Type-Checking for Amortised Heap-Space
                  Analysis}},
  booktitle = {18th Conf. on Comp. Science Logic (CSL'09)},
  year = 2009,
  publisher = {LNCS}
}



%%%%%%%%%%%%%%%%%%%%%%%%%%%%%%%%%%%%%%%%%%%%%%%%%%%%%%%%%%%%%%%%%%%%%%%%%%%%
%
% Sized Types:
%

@inproceedings{Hughes96,
  author = {John Hughes and
               Lars Pareto and
               Amr Sabry},
  title = {{Proving the Correctness of Reactive Systems Using Sized
               Types}},
  booktitle = {23th ACM Symp. on Principles of
                  Prog. Langs. (POPL'96)},
  year = {1996}
}

@inproceedings{Hughes99,
  author = {John Hughes and
               Lars Pareto},
  title = {{Recursion and Dynamic Data-structures in Bounded Space:
               Towards Embedded ML Programming}},
  booktitle = {4th Int. Conf. on Funct. Prog. (ICFP'99)},
  year = {1999},
  pages = {70-81}
}

@inproceedings{Grobauer01,
  author = {Bernd Grobauer},
  title = {{Cost Recurrences for DML Programs}},
  booktitle = {6th Int. Conf. on Funct. Prog. (ICFP'01)},
  year = 2001,
  pages = {253-264},
  bibsource = {DBLP, http://dblp.uni-trier.de}
}

@article{Xi07,
author = "Hongwei Xi",
title = {{Dependent ML: an Approach to Practical Programming with
                  Dependent Types}},
journal = {J. Funct. Programming},
year = 2007,
volume = "17",
number = "2",
pages = "215-286"
}


@article{Chin01,
  author = {Wei-Ngan Chin and
               Siau-Cheng Khoo},
  title = {{Calculating Sized Types}},
  journal = {High.-Ord. and Symb. Comp.},
  volume = {14},
  number = {2-3},
  year = {2001},
  pages = {261-300},
  bibsource = {DBLP, http://dblp.uni-trier.de}
}

@article{abel07,
  author = {Andreas Abel},
  title = {{Semi-continuous Sized Types and Termination}},
  journal = {Log. Methods Comput. Sci.},
  year = 2008,
  volume = 4,
  number = 2
}
% doi = {10.2168/LMCS-4(2:3)2008},
% url = {http://lmcs-online.org/ojs/viewarticle.php?id=271}

%
% Sized Types
%
%%%%%%%%%%%%%%%%%%%%%%%%%%%%%%%%%%%%%%%%%%%%%%%%%%%%%%%%%%%%%%%%%%%%%%%%%%%%


%%%%%%%%%%%%%%%%%%%%%%%%%%%%%%%%%%%%%%%%%%%%%%%%%%%%%%%%%%%%%%%%%%%%%%%%%%%%
%
% HUME
%

@inproceedings{EmBounded,
  title = {{The EmBounded Project: Automatic Prediction of Resource
                  Bounds for Embedded Systems}},
  author = {K. Hammond and R. Dyckhoff and C. Ferdinand and
                  R. Heckmann and M. Hofmann and H.-W. Loidl and
                  G. Michaelson and J. S\'{e}rot and A. Wallace},
  booktitle = {Trends in Fun. Prog., Vol 6},
  year = 2006
}

@inproceedings{Hume,
author = {Kevin Hammond and Greg Michaelson},
title = {{Hume: a Domain-Specific Language for Real-Time Embedded
                  Systems}},
booktitle = {Int. Conf. on Generative Prog. and Component
                  Eng. (GPCE'03)},
year = 2003,
publisher = "LNCS 2830",
pages = "37-56",
}
%
% HUME
%
%%%%%%%%%%%%%%%%%%%%%%%%%%%%%%%%%%%%%%%%%%%%%%%%%%%%%%%%%%%%%%%%%%%%%%%%%%%%



%%%%%%%%%%%%%%%%%%%%%%%%%%%%%%%%%%%%%%%%%%%%%%%%%%%%%%%%%%%%%%%%%%%%%%%%%%%%
%
% Additianal Literature as requested
%



@inproceedings{Puebla08,
  author = {Elvira Albert and
               Puri Arenas and
               Samir Genaim and
               Germ{\'a}n Puebla},
  title = {{Automatic Inference of Upper Bounds for Recurrence
                  Relations
               in Cost Analysis}},
  booktitle = {15th Static Analysis Symp. (SAS'08)},
  year = 2008,
  pages = {221-237},
  bibsource = {DBLP, http://dblp.uni-trier.de}
}


@inproceedings{Puebla07,
  author = {Edison Mera and
               Pedro L{\'o}pez-Garc\'{\i}a and
               Germ{\'a}n Puebla and
               Manuel Carro and
               Manuel V. Hermenegildo},
  title = {{Combining Static Analysis and Profiling for Estimating
                  Execution
               Times}},
  booktitle = {Pract. Aspects of Decl. Langs., 9th Int.
               Symp. (PADL'07)},
  year = {2007},
  pages = {140-154},
  bibsource = {DBLP, http://dblp.uni-trier.de}
}

@inproceedings{Puebla06,
  author = {Edison Mera and
               Pedro L{\'o}pez-Garc\'{\i}a and
               Germ{\'a}n Puebla and
               Manuel Carro and
               Manuel V. Hermenegildo},
  title = {{Using Combined Static Analysis and Profiling for Logic
                  Program
               Execution Time Estimation}},
  booktitle = {Logic Progr., 22nd Int. Conf. (ICLP'06)},
  year = {2006},
  pages = {431-432},
  ee = {http://dx.doi.org/10.1007/11799573_36},
  bibsource = {DBLP, http://dblp.uni-trier.de}
}

@Article{FlSaZi91,
  author = "Philippe Flajolet and Bruno Salvy and Paul Zimmermann",
  title = {{Automatic Average-case Analysis of Algorithms}},
  journal = "Theoret. Comput. Sci.",
  volume = 79,
  number = 1,
  year = 1991,
  pages = "37--109"}
}


@inproceedings{Flajolet88,
  author = {Philippe Flajolet and
               Bruno Salvy and
               Paul Zimmermann},
  title = {{Lambda - Upsilon - Omega: An Assistant Algorithms
                  Analyzer}},
  booktitle = {Appl. Algebra, Algebraic Algs. and Error-Corr.
               Codes, 6th Int. Conf. (AAECC'06)},
  year = {1988},
  pages = {201-212},
  bibsource = {DBLP, http://dblp.uni-trier.de}
}

@phdthesis{Pareto00,
  author = {Lars Pareto},
  title = {{Types for Crash Prevention}},
  school = {Chalmers University},
  year = 2000,
  address = {G{\"o}teborg, Sweden}
}

@phdthesis{campbell08,
  title = {{Type-based amortized stack memory prediction}},
  author = {Brian Campbell},
  school = {University of Edinburgh},
  year = 2008
}

@inproceedings{campbell09,
  title = {{Amortised Memory Analysis using the Depth of Data
                  Structures}},
  author = {Brian Campbell},
  booktitle = {18th Euro. Symp. on Prog. (ESOP'09)},
  year = 2009}


@inproceedings{Crary00,
  author = {Karl Crary and
               Stephanie Weirich},
  title = {{Resource Bound Certification}},
  booktitle = {27th ACM Symp. on Principles of
                  Prog. Langs. (POPL'00)},
  year = {2000},
  pages = {184-198},
  ee = {http://doi.acm.org/10.1145/325694.325716},
  bibsource = {DBLP, http://dblp.uni-trier.de}
}
@inproceedings{Vasconcelos03,
title = {{Inferring Costs for Recursive, Polymorphic and Higher-Order
                  Functional Programs}},
author = {Pedro B. Vasconcelos and Kevin Hammond},
booktitle = {Int. Workshop on Impl. of Funct. Langs. (IFL'03)},
year = 2003
}

@phdthesis{Vasconcelos08,
  author = {Pedro Vasconcelos},
  title = {{Space Cost Analysis Using Sized Types}},
  school = {School of Computer Science, University of St Andrews},
  year = 2008
}





@inproceedings{Chin:Safety,
  author = {Wei-Ngan Chin and
               Siau-Cheng Khoo and
               Shengchao Qin and
               Corneliu Popeea and
               Huu Hai Nguyen},
 title = {{Verifying Safety Policies with Size Properties and Alias
                  Controls}},
 booktitle = {Int. Conf. on Soft. Eng. (ICSE'05)},
 year = {2005},
 pages = {186--195}
 }


@inproceedings{AHA-TLCA07,
  author = {Olha Shkaravska and
               Ron van Kesteren and
               Marko C. van Eekelen},
  title = {{Polynomial Size Analysis of First-Order Functions}},
  booktitle = {Typed Lambda Calc. Apps. (TLCA'07) },
  year = {2007},
  pages = {351-365},
  bibsource = {DBLP, http://dblp.uni-trier.de}
}




@article{Benzinger01,
  author = {Ralph Benzinger},
  title = {{Automated Complexity Analysis of Nuprl Extracted
                  Programs}},
  journal = {J. Funct. Program.},
  volume = {11},
  number = {1},
  year = {2001},
  pages = {3-31},
  bibsource = {DBLP, http://dblp.uni-trier.de}
}

@inproceedings{Lui08,
 author = {Yanhong A. Liu and Gustavo Gomez},
 title = {{Automatic Accurate Time-Bound Analysis for High-Level
                  Languages}},
 booktitle = {ACM Workshop on Langs., Comps., and Tools for Embedded
                  Sys. (LCTES'98)},
 year = {1998},
 isbn = {3-540-65075-X},
 pages = {31--40},
}

@inproceedings{Taha04,
  author = {Walid Taha},
  title = {{Resource-Aware Programming}},
  booktitle = {Embedded Soft. and Sys., 1st Int. Conf. (ICESS'04)},
  year = {2004},
  pages = {38-43},
  ee = {http://dx.doi.org/10.1007/11535409_6},
  bibsource = {DBLP, http://dblp.uni-trier.de}
}

@inproceedings{Gullasch11,
  author = {D.~Gullasch and
  				   E.~Bangerter and
					S.~Krenn},
  title = {Cache Games - Bringing Access-based Cache Attacks on {AES}
                  to Practice},
  booktitle = {In IEEE Symposium on Security and Privacy},
  year = {2011},
  pages = {490-505}
}

@inproceedings{Osvik06,
  author = {D.~Osvik and
  				   A.~Shamir and
					E.~Tromer},
  title = {Cache Attacks and Countermeasures: the Case of {AES}},
  booktitle = {Topics in Cryptography},
  year = {2006}
}

@inproceedings{Brumley05,
  author = {D.~Brumley and
  				   D.~Boneh},
  title = {Remote Timing Attacks are Practical},
  booktitle = {Computer Networks},
  year = {2005}
}

@inproceedings{Giffin03,
  author = {J.~Giffin and
  				   R.~Greenstadt and
					P.~Litwack and
					R.~Tibbetts},
  title = {Covert Messaging through TCP Timestamps},
  booktitle = {Privacy Enhancing Technologies, LNCS 2482},
  year = {2003},
  pages = {189-193}
}

@inproceedings{Millen87,
  author = {J.~K.~Millen},
  title = {Covert Channel Capacity},
  booktitle = {In IEEE Symposium on Security and Privacy},
  year = {1987}
}

@inproceedings{Wray91,
  author = {J.~C.~Wray},
  title = {An Analysis of Covert Timing Channels},
  booktitle = {In IEEE Symposium on Security and Privacy},
  year = {1991},
  pages = {2-7}
}

@article{Sabelfeld03,
  author = {Andrei Sabelfeld and
  						 Andrew C. Myers},
  title = {{Language-Based Information Flow Security}},
  journal = {IEEE Journal on Selected Areas in Communications},
  volume = {21},
  number = {1},
  year = {2003},
  pages = {5-19},
  bibsource = {DBLP, http://dblp.uni-trier.de}
}

@inproceedings{Pottier02,
  author = {Francois Pottier and Vicent Simonet},
  title = {{Information Flow Inference for ML}},
  booktitle = {In Proceedings of the 29th ACM Symposium on Principles
                  Of Programming Languages},
  year = {2002}
}

@article{Walker02,
  author = {David Walker},
  title = {{Substructural Type Systems}},
  journal = {Advanced Topics in Types and Programming Languages. MIT
                  Press},
  year = {2002},
  pages = {3-43}
}

@inproceedings{Goguen82,
  author = {Joseph Goguen and Jos\'e Meseguer},
  title = {{Security Policies and Security Models}},
  booktitle = {In Proceedings of the 1982 IEEE Symposium on Security
                  and Privacy},
  year = {1982}
}

@INPROCEEDINGS{McLean90,
author={J. McLean},
booktitle={Research in Security and Privacy, 1990. Proceedings., 1990
                  IEEE Computer Society Symposium on},
title={Security models and information flow},
year={1990},
pages={180-187},
keywords={information theory;security of data;Bell-LaPadula
                  model;flow-based security model;high level output
                  protection;information flow;information
                  sharing;interference;primitives;programs;security
                  levels;security-relevant causal
                  factors;Broadcasting;Ducts;History;Information
                  security;Information technology;Information
                  theory;Laboratories;Protection},
doi={10.1109/RISP.1990.63849},
month={May},}

@inproceedings{Li05,
 author = {Li, Peng and Zdancewic, Steve},
 title = {Downgrading Policies and Relaxed Noninterference},
 booktitle = {Proceedings of the 32Nd ACM SIGPLAN-SIGACT Symposium on
                  Principles of Programming Languages},
 series = {POPL '05},
 year = {2005},
 isbn = {1-58113-830-X},
 location = {Long Beach, California, USA},
 pages = {158--170},
 numpages = {13},
 url = {http://doi.acm.org/10.1145/1040305.1040319},
 doi = {10.1145/1040305.1040319},
 acmid = {1040319},
 publisher = {ACM},
 address = {New York, NY, USA},
 keywords = {downgrading policies, information flow, language-based
                  security, program equivalence, relaxed
                  noninterference},
}

@article{Myers00,
 author = {Myers, Andrew C. and Liskov, Barbara},
 title = {Protecting Privacy Using the Decentralized Label Model},
 journal = {ACM Trans. Softw. Eng. Methodol.},
 issue_date = {Oct. 2000},
 volume = {9},
 number = {4},
 month = oct,
 year = {2000},
 issn = {1049-331X},
 pages = {410--442},
 numpages = {33},
 url = {http://doi.acm.org/10.1145/363516.363526},
 doi = {10.1145/363516.363526},
 acmid = {363526},
 publisher = {ACM},
 address = {New York, NY, USA},
 keywords = {confidentiality, declassification, downgrading,
                  end-to-end, information flow controls, integrity,
                  lattice, policies, principals, roles, type
                  checking},
}

@INPROCEEDINGS{Myers98,
author={A. C. Myers and B. Liskov},
booktitle={Security and Privacy, 1998. Proceedings. 1998 IEEE
                  Symposium on},
title={Complete, safe information flow with decentralized labels},
year={1998},
pages={186-197},
keywords={data privacy;distributed processing;information
                  theory;safety;security of data;software
                  portability;telecommunication
                  control;completeness;data relabeling;decentralized
                  labels;declassification;downloaded
                  applications;information flow control;mobile
                  code;model expressiveness;model
                  flexibility;per-principal information flow
                  policies;privacy;robust
                  mechanisms;safety;secrecy;servlets;soundness;static
                  checking;Application software;Computer
                  science;Contracts;Information
                  analysis;Laboratories;Mobile
                  computing;Monitoring;Privacy;Programming
                  profession;Protection},
doi={10.1109/SECPRI.1998.674834},
ISSN={1081-6011},
month={May},}

@inproceedings{Heintze98,
  author = {Nevin Heintze and Jon G. Riecke},
  title = {{The SLam calculus: Programming with secrecy and
                  integrity}},
  booktitle = {In Conference Record of the 25th ACM Symposium on
                  Principles of Programming Languages},
  year = {1998}
}

@inproceedings{Volpano96,
  author = {Dennis Volpano and Geoffrey Smith and Cynthia Irvine},
  title = {{A sound type system for secure flow analysis}},
  booktitle = {Journal of Computer Security},
  year = {1996},
  pages = {167-187}
}

@inproceedings{Myers99,
  author = {Andrew C. Myers},
  title = {{JFlow: practical mostly-static information flow control}},
  booktitle = {In Proceedings of the 26th ACM SIGPLAN-SIGACT on
                  Principles of Programming Languages},
  year = {1999},
  pages = {228-241}
}

@inproceedings{Zhang12,
  author = {Danfeng Zhang and Aslan Askarov and Andrew C. Myers},
  title = {{Language-Based Control and Mitigation of Timing
                  Channels}},
  booktitle = {In Proceedings of the SIGPLAN Conference on Programming
                  Language Design and Implementation},
  year = {2012}
}

@inproceedings{Denning12,
  author = {Dorothy E. Denning},
  title = {{Cryptography and Data Security}},
  booktitle = {Addison-Wesley, Reading, Massachusetts},
  year = {1982}
}

@inproceedings{Dhem00,
  author = {Jean-François Dhem and Francois Koeune and
                  Philippe-Alexandre Leroux and Patrick Mestr\'e and
                  Jean-Jacques Quisquater and Jean-Louis Willems},
  title = {{A Practical Implementation of the Timing Attack}},
  booktitle = {Smart Card Research and Applications},
  year = {2000}
}

@misc{flowCaml,
  author = {Vincent Simonet},
  title = {{Flow Caml}},
  year = {{2003}},
  howpublished =
                  {\url{http://cristal.inria.fr/~simonet/soft/flowcaml/}}
}

@inproceedings{Bellare96,
  author = {Mihir Bellare and Ran Canetti and Hugo Krawczyk},
  title = {{Keying Hash Functions for Message Authentication}},
  booktitle = {CRYPTO},
  year = {1996}
}

@inproceedings{Sulzmann99,
  author = {Martin Sulzmann and Martin M\"uller and Christoph Zenger},
  title = {{Hindley/Milner Style Type Systems in Constraint Form}},
  booktitle = {Research Report ACRC–99–009, University of South
                  Australia, School of Computer and Information
                  Science},
  year = {1999}
}

@inproceedings{Rehof97,
  author = {Jakob Rehof},
  title = {{Minimal Typings in Atomic Subtyping}},
  booktitle = {In Conference Record of the 24th ACM Symposium on
                  Principles of Programming Languages},
  year = {1997},
  pages = {278-291}
}

@inproceedings{Merkle78,
  author = {Ralph C. Merkle},
  title = {{Secure Communications over Insecure Channels}},
  booktitle = {Communications of the ACM},
  year = {1978},
  pages = {294-299}
}

@inproceedings{Diffie76,
  author = {Whitfield Diffie and Martin E. Hellman},
  title = {{New Directions in Cryptography}},
  booktitle = {IEEE Transactions on Information Security},
  year = {1976}
}

@book{Foundationpl,
 author = {Robert Harper},
 title = {{Practical Foundations for Programming Languages}},
 year = {2012},
 isbn = {9781107029576},
 publisher = {Cambridge University Press},
}

@inproceedings{BrumleyB03,
 author = {Brumley, David and Boneh, Dan},
 title = {Remote Timing Attacks Are Practical},
 booktitle = {Proceedings of the 12th Annual USENIX Security
                  Symposium},
 year = {2003},
 location = {Washington, DC},
 publisher = {USENIX Association},
 address = {Berkeley, CA, USA}
}

@misc{timingAES,
  author = {Daniel J.~Bernstein},
  title = {{Cache-timing Attacks on AES}},
  year = {{2005}},
  howpublished =
                  {\url{http://cr.yp.to/antiforgery/cachetiming-20050414.pdf}}
}

@inproceedings{Percival05,
 author = {Percival, Colin},
 title = {Cache missing for fun and profit},
 booktitle = {Proceedings of {BSDCan}},
 year = {2005}
}

@article{Wechler92,
  author = {Wolfgang Wechler},
  title = {{Universal Algebra for Computer Scientists}},
  journal = {EATCS Monographs on Theoretical Computer Science},
  volume = {25},
  year = {1992},
  bibsource = {\url{http://www.springer.com/us/book/9783642767739}}
}

@book{Baier08,
 author = {Christel Baier and Joost-Pieter Katoen},
 title = {{Principles of Model Checking}},
 year = {2008},
 isbn = {9780262026499},
 publisher = {{MIT} Press},
}

@book{Ash00,
 author = {R.~B.~Ash and C.~Dol\'{e}ans-Dade},
 title = {{Probability and Measure Theory}},
 year = {2000},
 isbn = {9780120652020},
 publisher = {{Academic Press}},
}

@book{Grimmett92,
 author = {G.~Grimmett and D.~Stirzaker},
 title = {{Probability and Random Processes}},
 year = {1992},
 publisher = {{Oxford University Press}},
}

@article{Gretz14,
 author = {F.~Gretz and J.~Katoen and A.~McIver},
 title = {{Operational versus Weakest Pre–Expectation Semantics for
                  the Probabilistic Guarded Command Language}},
 journal = {{Performance Evaluation}},
 volume = {73},
 year = {2014},
 pages = {110-132}
}

@inproceedings{Fioriti15,
 author = {Ferrer Fioriti, Luis Mar\'{\i}a and Hermanns, Holger},
 title = {Probabilistic Termination: Soundness, Completeness, and
                  Compositionality},
 booktitle = {Proceedings of the 42Nd Annual ACM SIGPLAN-SIGACT
                  Symposium on Principles of Programming Languages},
 series = {POPL '15},
 year = {2015},
 isbn = {978-1-4503-3300-9},
 location = {Mumbai, India},
 pages = {489--501},
 numpages = {13},
 url = {http://doi.acm.org/10.1145/2676726.2677001},
 doi = {10.1145/2676726.2677001},
 acmid = {2677001},
 publisher = {ACM},
 address = {New York, NY, USA},
 keywords = {probabilistic programs, program verification,
                  super-martingales, termination},
}

@inproceedings{Jeannet09,
 author = {B.~Jeannet and A.~Min\'e},
 title = {APRON: A library of numerical abstract domains for static
                  analysis},
 booktitle = {Proceedings Computer Aided Verification CAV'2009},
 year = {2009},
 publisher = {LNCS}
}

@misc{gsl,
  title = {{GSL-GNU Scientific Library}},
  howpublished = {\url{https://www.gnu.org/software/gsl/}},
  note = {Accessed: 2017-10-19}
}

%
% Additional Literature as requested
%
%%%%%%%%%%%%%%%%%%%%%%%%%%%%%%%%%%%%%%%%%%%%%%%%%%%%%%%%%%%%%%%%%%%%%%%%%%%%

@misc{WangHR18,
  author = {Di Wang and Jan Hoffmann and Thomas Reps},
  title = {A Denotational Semantics for Nondeterminism in Probabilistic Programs},
  year = 2018,
  note = {Working paper}
}


@inproceedings{DasHP18,
  author = {Ankush Das and Jan Hoffmann and Frank Pfenning},
  title = {Parallel Complexity Analysis with Temporal Session Types},
  year = 2018,
  booktitle = {23rd International Conference on Functional Programming (ICFP'18)},
  note = {Conditionally accepted},
}

@inproceedings{DasHP17,
  author = {Ankush Das and Jan Hoffmann and Frank Pfenning},
  title = {Work Analysis with Resource-Aware Session Types},
  year = 2018,
  booktitle = {33th ACM/IEEE Symposium on Logic in Computer Science (LICS'18)},
}
}

@inproceedings{WangHR17,
  author = {Di Wang and Jan Hoffmann and Thomas Reps},
  title = {PMAF: An Algebraic Framework for Static Analysis of Probabilistic Programs},
  booktitle = {39th Conference on Programming Language Design and Implementation (PLDI'18)},  
  year = 2018
}

@inproceedings{NgoCH17,
  author = {Van Chan Ngo and Quentin Carbonneaux and Jan Hoffmann},
  title = {Bounded Expectations: Resource Analysis for Probabilistic Programs},
  booktitle = {39th Conference on Programming Language Design and Implementation (PLDI'18)},    
  year = 2018,
}

@inproceedings{LichtmanH17,
  author = {Benjamin Lichtman and Jan Hoffmann},
  title = {{Arrays and References in Resource Aware ML}},
  year = 2017,
  booktitle = {2nd International Conference on Formal Structures for Computation and Deduction (FSCD'17)}
}


@inproceedings{CarbonneauxHRS17,
  author = {Quentin Carbonneaux and Jan Hoffmann and Thomas Reps and Zhong Shao},
  title = {{Automated Resource Analysis with Coq Proof Objects}},
  year = 2017,
  booktitle = {29th International Conference on Computer-Aided Verification (CAV'17)}
}

@inproceedings{DasH17,
  author = {Ankush Das and Jan Hoffmann},
  title = {{ML for ML: Learning Cost Semantics by Experiment}},
  year = 2017,
  booktitle = {23rd International Conference on Tools and Algorithms
                  for the Construction and Analysis of Systems
                  (TACAS'17)}
}


@inproceedings{NgoDFH16,
  author = {Van Chan Ngo and Mario Dehesa-Azuara and Matthew Fredrikson and Jan Hoffmann},
  title = {{Verifying and Synthesizing Constant-Resource Implementations
              with Types}},
  year = 2017,
  booktitle = {38th {IEEE} Symposium on Security and Privacy (S{\&}P '17)}
}


@inproceedings{CicekBGGH16,
  author = {Ezgi Çiçek and Gilles Barthe and Marco Gaboardi and Deepak Garg and Jan Hoffmann},
  title = {{Relational Cost Analysis}},
  booktitle = {44th Symposium on Principles of Programming Languages (POPL'17)},
  year = 2017
}

@inproceedings{HoffmannW15,
  author = {Jan Hoffmann and Ankush Das and Shu-Chun Weng},
  title = {{Towards Automatic Resource Bound Analysis for OCaml}},
  booktitle = {44th Symposium on Principles of Programming Languages (POPL'17)},  
  year = 2017
}

@misc{DasH16,
  author = {Ankush Das and Jan Hoffmann},
  title = {{Learning Cost Semantics for Modeling Running Time of OCaml Programs}},
  year = 2016,
  note = {Presented at Syntax and Semantics of Low-Level Languages (LOLA'16)}
}



@article{HoffmannS15JFP,
   author    = {Jan Hoffmann and Zhong Shao},
   title     = {{Type-Based Amortized Resource Analysis with Integers and Arrays}},
   journal   = {J. Funct. Program.},
   year      = 2015
}



@inproceedings{CarbonneauxHZ15,
   author    = {Quentin Carbonneaux and Jan Hoffmann and Zhong Shao},
   title     = {{Compositional Certified Resource Bounds}},
   booktitle = {36th Conference on Programming Language Design and Implementation (PLDI'15)},
   note      = {Artifact submitted and approved},
   year      = 2015
}


@inproceedings{HoffmannS13,
   author    = {Jan Hoffmann and Zhong Shao},
   title     = {{Type-Based Amortized Resource Analysis with Integers and Arrays}},
   booktitle = {12th International Symposium on Functional and Logic Programming (FLOPS'14)},
   year      = 2014
}


@inproceedings{CarbonneauxHRZ13,
   author    = {Quentin Carbonneaux and Jan Hoffmann and Tahina Ramananandro and Zhong Shao},
   title     = {{End-to-End Verification of Stack-Space Bounds for C Programs}},
   booktitle = {35th Conference on Programming Language Design and Implementation (PLDI'14)},
   year      = 2014,
   note      = {Artifact submitted and approved}
}


@inproceedings{HoffmannS15,
   author    = {Jan Hoffmann and Zhong Shao},
   title     = {{Automatic Static Cost Analysis for Parallel Programs}},
   booktitle = {24th European Symposium on Programming (ESOP'15)},
   year      = 2015
}


@inproceedings{SchererH13,
  author  = {Gabriel Scherer and Jan Hoffmann},
  title = {{Tracking Data-Flow with Open Closure Types}},
  booktitle = {{19th International Conference on Logic for Programming, Artificial Intelligence and Reasoning (LPAR'13)}},
  year = 2013
}

@inproceedings{LiangHFZ13,
  author  = {Hongjin Liang and Jan Hoffmann and Xinyu Feng and Zhong Shao},
  title = {{Characterizing Progress Properties of Concurrent Objects via Contextual Refinements}},
  booktitle = {{24th International Conference on Concurrency Theory (CONCUR'13)}},
  year = 2013
}


@inproceedings{HoffmannMZ13,
  author  = {Jan Hoffmann and Michael Marmar and Zhong Shao},
  title = {{Quantitative Reasoning for Proving Lock-Freedom}},
  booktitle = {{28th ACM/IEEE Symposium on Logic in Computer Science (LICS'13)}},
  year = 2013
}


@article{BaumeisterBFHR12,
  author    = {Dorothea Baumeister and
               Felix Brandt and
               Felix A. Fischer and
               Jan Hoffmann and
               J{\"o}rg Rothe},
  title     = {{The Complexity of Computing Minimal Unidirectional Covering
               Sets}},
  journal = {Theory of Computing Systems},
  year      = {2013}, 
}   pages     = {299-310},



@inproceedings{HoffmannAH12a,
  author    = {Jan Hoffmann and
               Klaus Aehlig and
               Martin Hofmann},
  title     = {{Resource Aware ML}},
  booktitle = {{24rd International Conference on Computer Aided
                  Verification (CAV'12)}},
  year      = {2012},
}



@article{HoffmannAH12,
  author    = {Jan Hoffmann and
               Klaus Aehlig and
               Martin Hofmann},
  title     = {{Multivariate Amortized Resource Analysis}},
  journal   = {ACM Trans. Program. Lang. Syst.},
  year      = 2012
}


@inproceedings{NNH12,
   author    = {Neelakantan R. Krishnaswami and
                Nick Benton and
                Jan Hoffmann},
   title     = {{Higher-Order Functional Reactive Programming in Bounded Space}},
   booktitle = {39th Symposium on Principles of Programming Languages (POPL'12)},
   year      = {2012},
}

@phdthesis{Hoffmann11,
  author = {Jan Hoffmann},
  title = {{Types with Potential: Polynomial Resource Bounds via Automatic Amortized Analysis}},
  school = {Ludwig-Maximilians-Universit{\"a}t M{\"u}nchen},
  year =  2011
}

@inproceedings{HoffmannAH10,
  author    = {Jan Hoffmann and
               Klaus Aehlig and
               Martin Hofmann},
  title     = {{Multivariate Amortized Resource Analysis}},
  booktitle = {38th Symposium on Principles of Programming Languages (POPL'11)},
  year      = 2011
}

@inproceedings{HoffmannH102,
  author    = {Jan Hoffmann and
               Martin Hofmann},
  title     = {{Amortized Resource Analysis with Polymorphic Recursion
                  and Partial Big-Step Operational Semantics}},
  booktitle =  {8th Asian Symposium on Programming Languages (APLAS'10)},
  year      = {2010}
}

@inproceedings{HoffmannH10,
  author    = {Jan Hoffmann and
               Martin Hofmann},
  title     = {{Amortized Resource Analysis with Polynomial Potential}},
  booktitle = {19th European Symposium on Programming (ESOP'10)},
  year      = {2010},
  bibsource = {DBLP, http://dblp.uni-trier.de}
}   pages     = {287-306},



@inproceedings{BaumeisterBFHR10,
  author    = {Dorothea Baumeister and
               Felix Brandt and
               Felix A. Fischer and
               Jan Hoffmann and
               J{\"o}rg Rothe},
  title     = {{The Complexity of Computing Minimal Unidirectional Covering
               Sets}},
  booktitle = {Algorithms and Complexity, 7th International Conference (CIAC'10)},
  year      = {2010}, 
  bibsource = {DBLP, http://dblp.uni-trier.de}
}   pages     = {299-310},


@article{BrandtBFH10Journal,
  author    = {Felix Brandt and
               Markus Brill and
               Felix A. Fischer and
               Jan Hoffmann},
  Journal   = {Theory of Computing Systems},
   publisher = {Springer New York},
  title     = {{The Computational Complexity of Weak Saddles}},
  year      = 2010
}


@article{BBFHH09a,
 Author = {Felix Brandt and Markus Brill and Felix Fischer and Paul Harrenstein and Jan Hoffmann},
 Journal = {ACM SIGecom Exchanges},
 Title = {{Computing {S}hapley's Saddles}},
 Volume = 8,
 Year = 2009
}

@inproceedings{BrandtBFH09,
  author    = {Felix Brandt and
               Markus Brill and
               Felix A. Fischer and
               Jan Hoffmann},
  title     = {{The Computational Complexity of Weak Saddles}},
  booktitle = {Algorithmic Game Theory, Second International Symposium (SAGT'09)},
  year      = {2009},
  bibsource = {DBLP, http://dblp.uni-trier.de}
}


@article{Hoffmann09,
  author    = {Jan Hoffmann},
  title     = {{Finding a Tree Structure in a Resolution Proof is NP-Complete}},
  journal   = {Theoretical Computer Science},
  volume    = {410},
  number    = {21-23},
  year      = {2009},
  ee        = {http://dx.doi.org/10.1016/j.tcs.2009.02.018},
  bibsource = {DBLP, http://dblp.uni-trier.de}
}  pages     = {2295-2300},



@article{BussHJ08,
  author    = {Samuel R. Buss and
               Jan Hoffmann and
               Jan Johannsen},
  title     = {{Resolution Trees with Lemmas: Resolution Refinements that
               Characterize DLL Algorithms with Clause Learning}},
  journal   = {Logical Methods in Computer Science},
  volume    = {4},
  number    = {4},
  year      = {2008},
  bibsource = {DBLP, http://dblp.uni-trier.de}
}

@article{BussH08,
  author    = {Samuel R. Buss and
               Jan Hoffmann},
  title     = {{The NP-hardness of Finding a Directed Acyclic Graph for
               Regular Resolution}},
  journal   = {Theoretical Computer Science},
  volume    = {396},
  number    = {1-3},
  year      = {2008},
  bibsource = {DBLP, http://dblp.uni-trier.de}
}  pages     = {271-276},


@misc{Hoffmann2007,
   author    = {Jan Hoffmann},
   title     = {{Resolution Proofs and DLL-Algorithms with Clause Learning}},
   howpublished = {Diploma Thesis, LMU M\"unchen},
   year      = 2007
}